@Book{HOW_THE_WEB_WAS_BORN,
    author     = "James Gillies and Robert Cailliau",
    publisher  = "OXFORD",
    title      = "How the Web Was Born: The Story of the World Wide Web",
    year       = "2000"
}

@book{GRIFFITHS,
    author    = {D. Griffths},
    title     = {{Introduction to Elementary Particles}},
    publisher = {John Wiley \& Sons},
    year      = {1987},
    address   = {},
}

@techreport{DAQ_DCS_PROPOSAL,
    author      = {{ATLAS Collaboration}},
    title       = {{HLT, DAQ, DCS Technical Proposal}},
    institution = {CERN},
    note        = {CERN/LHCC 2000-17},
    year        = {2000}
}
@techreport{ATLAS,
    author      = {{ATLAS Collaboration}},
    title       = {{ATLAS: Technical Proposal for a General-Purpose pp
        Experiment at the Large Hadron Collider at CERN}},
    institution = {CERN},
    note        = {CERN/LHCC 94--43},
    year        = {1994}
}

@misc{ATLAS_FACTS,
   title = {{ATLAS \emph{Factsheet}}},
   howpublished="{\\Acessado em janeiro de 2016.  \\ \url{http://www.atlas.ch/pdf/fact_sheet_1page.pdf}}",
}

@misc{CERN_SECURITY_RULES,
    title = {{CERN Security Rules}},
    howpublished="{\\Acessado em fevereiro de 2016. \\ \url{https://security.web.cern.ch/security/rules/en/index.shtml}}"
}

@misc{IBM,
    howpublished={\\Acessado em janeiro de 2016. \\ \url{http://www.ibm.com/us-en/}},
    title={{IBM}}
}

@misc{HCL,
    howpublished={\\Acessado em janeiro de 2016. \\ \url{http://www.hcl.com/}},
    title={{HCL}}
}

@misc{PYTHON,
    Howpublished = {\\Acessado em janeiro de 2016. {\\ \url{http://www.python.org/}}},
    Title = {{Python Programming Language}}}

@article{ALICE,
    Author = {{The ALICE Collaboration}},
    Journal = {Journal of Instrumentation},
    Month = aug,
    Number = {08},
    Title = {The {ALICE} experiment at the {CERN} {LHC}},
    Volume = {3},
    Year = {2008}}

@article{CMS,
    Author = {{The CMS Collaboration}},
    Journal = {Journal of Instrumentation},
    Month = {Ago},
    Number = {08},
    Title = {The {CMS} experiment at the {CERN} {LHC}},
    Volume = {3},
    Year = {2008}}

@article{SZUMLAK2010,
    Author = {T. Szumlak},
    Journal = {Acta Physica Polonica. Series B: Elementary Particle Physics, Nuclear Physics, Statistical Physics, Theory of Relativity, Field Theory},
    Number = {7},
    Pages = {1661--1668},
    Title = {{The LHCb experiment}},
    Volume = {41},
    Year = {2010}}

@misc{ATLASPHOTOS,
    Title = {ATLAS Photos},
    Howpublished = {\\Acessado em janeiro de 2016. {\tt http://www.atlas.ch/photos/}}
}

@InProceedings{CERQUEIRA,
    author = {A.S. Cerqueira and J.M. Seixas and L.P. Caloba and F.S.C.
        Rodriguês and B.C. Costa and R. R. Ramos and P.R. Lima and P.R.M.F.
            Vianna Junior},
    title = {Analog Trigger Tower Adders for the Tilecal: Radiation Tolerance
        and Production Tests},
    booktitle = {Frascati Physics Series "IX International Conference on
        Calorimetry in High Energy Physics"},
    year = {2000},
    month = {Novembro},
}

@techreport{VELLIDIS,
    author       = "Vellidis, C and Arabidze, G and Giokaris, N and
        Guimarães-Ferreira, F and Roy, D and Vichou, I",
    title        = "A monitoring method for the Low Voltage Power Supply
        modules of the ATLAS Tile Calorimeter",
    institution  = "CERN",
    address      = "Genebra",
    number       = "ATL-TILECAL-PUB-2007-009. ATL-COM-TILECAL-2007-014",
    month        = "Julho",
    year         = "2007",
}

@misc{CERN,
    title        = {{The European Laboratory for Particle Physics}},
    howpublished = {\\Acessado em janeiro de 2016. {\tt http://www.cern.ch}}
}

@misc{NobelPrize,
    title = {{The Nobel Prize in Physics 2013}},
    howpublished = {\\Acessado em fevereiro de 2016. \\ \url{http://www.nobelprize.org/nobel_prizes/physics/laureates/2013/press.pdf}}
}

@misc{ATLASWWW,
    title        = {{The ATLAS Experiment at CERN}},
    howpublished = {\\Acessado em dezembro de 2011. {\tt http://www.atlas.ch}}
}


@misc{LHC,
    title        = {{The Large Hadron Collider}},
    howpublished = {\\Acessado em janeiro de 2016. {\tt http://lhc.web.cern.ch}}
}

@misc{INDICO,
    title        = {{Integrated digital conference (INDICO).}},
    howpublished = {\\Acessado em dezembro de 2011. {\tt http://indico.cern.ch/}}
}

@misc{DCS_DATABASE,
    title        = {{Banco de Dados DCS}},
    howpublished = {\\Acessado em dezembro de 2011. \\ {\tt
        https://twiki.cern.ch/twiki/bin/view/Atlas/TileDB\#DCS\_Databases}}
}

@TechReport{TILECAL_REPORT,
    author      = "Anderson, K., Berglund, S., Blanchot, G., et all",
    title       = "Front-end Electronics for the ATLAS Tile Calorimeter",
    institution = "CERN",
    year        = "1998",
    month       = "Setembro",
}

@article{Burckhart,
    author       = "Burckhart, Helfried J and Hallgren, Björn I",
    title        = "Front-end I/O of the ATLAS Detector Control System",
    number       = "CERN-EP-99-158",
    pages        = "5 p",
    month        = "Outubro",
    year         = "1999",
}

@phdthesis{Varelá-Rodriguez:582182,
    author       = "Varelá-Rodriguez, F and Burckhart, H J",
    title        = "The Detector Control System of the ATLAS experiment at
        CERN:An application to the calibration of the modules of the
        Tile Hadron Calorimeter",
    school       = "Santiago de Compostela Univ.",
    address      = "Genebra",
    year         = "2002",
    month       = "Abril",
}

@phdthesis{Barriuso-Poy:1034400,
    author       = "Barriuso-Poy, Alex and Burckhart, H J and Llobet-Valero, E",
    title        = "Hierarchical Control of the ATLAS Experiment.",
    school       = "Univ. Tarragona",
    address      = "Tarragona",
    year         = "2007",
    month        = "Maio",
}

@article{DANEELS,
    author       = "Daneels, A. and Salter, W.",
    title        = "Selection and evaluation of cormmercial SCADA systems for
        the controls of the CERN LHC experiments",
    journal      = "International Conference on Accelerator and Large
        Experimental Physics Control Systems",
    address       = "Trieste",
    year         = "1999",
    month        = "Outubro",
}

@MastersThesis{SOLANS,
    author  = "Solans Sanchez, C.",
    title   = "ATLAS TDAQ Software for Tilecal Commissioning",
    chapter = "The Hadronic Tile Calorimeter detector",
    school  = "Universidade de Valência",
    year    = "2005"
}

@MastersThesis{JenniferGodfrey2009,
    author = "Godfrey, J.",
    title = "Using Boosted Decision Trees For Tau
Identification in the ATLAS Experiment",
    school = "University of the Fraser Valley",
    year = "2009"
}

@PhdThesis{RODRIGUEZ,
    author = "Varela Rodriguez, F.",
    title = "The Detector Control System of the ATLAS experiment at CERN: An
        application to the calibration of the modules of the Tile Hadron
        Calorimeter",
    school = "Universidade de Santiago de Compostela",
    year = "2002"
}

@article{PINA,
    author       = "Pina, Joao and Gomes, Agostinho and Nuno Marques, Carlos
        and Rodrigues Vieira Batista, Tiago and Granado Cardoso,
    Luis and Sotto-Maior Peralva, Bernardo and Arabidze, Giorgi
        and Giokaris, Nikos and Ouchrif, Mohamed and Sargsyan,
    Laura",
    title        = "The TILECAL Detector Control System",
    year         = "2007",
    month        = "Outubro",
    pages        = "3",
    journal      = "11th International Conference on Accelerator and Large
        Experimental Physics Control Systems, Knoxville, EUA",
}

@article{PINA_2004,
    author       = "Pina, Joao",
    title        = "The TILECAL/ATLAS Detector Control System",
    year         = "2004",
    journal      = "Nuclear Science Symposium Conference Record, IEEE",
    month        = "Outubro",
    pages        = "1201- 1204",
    volume       = "2",
    note         = "on Behalf of TileCal Comunity",
}

@TechReport{TDR_LAr,
    author      = "ATLAS LARG Unit",
    title       = "Liquid Argon Calorimeter Technical Design Report",
    institution = "CERN",
    note        = "CERN/LHCC 96--41",
    year        = "1996"
}

@TechReport{LAR_ELECTRONICS,
    author      = "Colas, J.",
    title       = "Overview of the ATLAS LArg Electronics",
    institution = "CERN",
    year        = "1999",
}

@TechReport{TDR_Tile,
    author      = {{ATLAS/Tile Calorimeter Collaboration}},
    title       = {{Tile Calorimeter Calorimeter Technical Design Report}},
    institution = {CERN},
    note        = {CERN/LHCC 96--42},
    year        = {1996}
}

@article{WIGMANS,
    author  = {WIGMANS, R.},
    title   = {Advances in Hadron Calorimetry},
    journal = {Annual Review of Nuclear and Particle Science},
    year    = {1991},

}

@misc{KVAISER,
    title        = {{A serial bus used in distributed real-time control systems}},
    howpublished = {\\Acessado em dezembro de 2011. {\tt www.kvaser.com/can/}}
}

@article{BarriusoPoy,
    author       = "Barriuso Poy, A and Boterenbrood, H and Burckhart, H J and
        Cook, J and Filimonov, V and Franz, S and Gutzwiller, O and
        Hallgren, B and Khomutnikov, V and Schlenker, S and Varela, F",
    title        = "The detector control system of the ATLAS experiment",
    journal      = "J. Instrum.",
    volume       = "3",
    year         = "2008",
}

@article{Burckhart:1159528,
    author       = "Burckhart, H J and Cook, J and Filiminov, V and Franz, T
        and Gutzwiller, O and Khomutnikov, V and Schlenker, S",
    title        = "The Common Infrastructure Control of the ATLAS experiment",
    journal      = "Topical Workshop on Electronics for Particle Physics, Naxos,
    Greece",
    year         = "2008",
    month        = "Setembro",
    pages        = "428-431",
}

@article{Hallgren,
    author       = "B. Hallgren, H. Boterenbrood, H.J. Burckhart and H. Kvedalen",
    title        = "Embedded Local Monitor Board (ELMB) in the LHC front-end I/O
        control system",
    journal      = "7th Workshop on Electronics for LHC Experiments, Estocolmo,
    Suécia",
    year         = "2001",
    month        = "Setembro"
}

@techreport{Boterenbrood,
    author       = "Boterenbrood, H and Burckhart, H J and Cook, J and
        Filimonov, V and Hallgren, B I and Heubers, W P J and
        Khomoutnikov, V and Ryabov, Yu and Varela, F",
    title        = "Design and Implementation of the ATLAS Detector Control
        System",
    institution  = "CERN",
    address      = "Genebra",
    month        = "Maio",
    year         = "2003",
}

@Article{Myers,
    author = {S. Myers and E. Picasso },
    title = {The design, construction and commissioning of the CERN large
        Electron-Positron collider},
    journal = {Contemporary Physics},
    year = {1990},
    volume = {31},
    number = {6},
    pages = {387 - 403},
    month = {Novembro}
}

@Misc{Valassi,
    author = {A. Valassi and R. Basset and R. Chytracek and D. Duellmann and A.
        Kalkhof and I. Papadopoulos and W. Pokorski and Z. Molnar et all},
    title = {LCG Persistency Framework},
    howpublished = {Computing High Energy Physics, Praga, Rep. Tcheca},
    month = {March},
    year = {2009},
}

@techreport{Chadelas,
    author       = "R Chadelas, M and Crouau, G and  Montarou, F and Vazeille, R
        and Leitner M and Suk, S and Valkar, I and Hanak, I and Hruska, M and
        Lokajicek, S and Nemecek, V and Vrba, J and Weichert, K and Zitek",
    title        = "High Voltage Source For the TILECAL Hadron Calorimeter of
        the ATLAS Detector",
    institution  = "CERN",
    address      = "Genebra",
    month        = "Junho",
    year         = "1996",
    number       = "TileCal 79"
}

@article{jenni2003atlas,
    Author = {Jenni, P. and Nessi, M. and Nordberg, M. and Smith, K.},
    Journal = {Technical Design Report ATLAS. CERN, Genebra},
    Title = {ATLAS high-level trigger, data-acquisition and controls: Technical Design Report},
    Volume = {42},
    Year = {2003}}

@misc{INTEL8051,
    title        = {{Microcontrolador Intel 8052}},
    howpublished = {\\Acessado em dezembro de 2011. {\tt http://www.8052.com/}}
}

@misc{PVSS,
    title        = {{PVSS}},
    howpublished = {\\Acessado em dezembro de 2011. {\tt http://www.etm.at/}}
}

@article{TCWS-CHEP-2007,
    author         = "C. Maidantchik and F. Ferreira and F. Grael and K. Karam
        and A. Faria and A. Dotti and C. Solans and L. Price",
    title          = "Web System to Support Analysis of the Tile Calorimeter
        Commissioning",
    journal        = "Journal of Physics: Conference Series 042021, Computing
        High Energy Physics, Victory, Canadá",
    volume         = "119",
    pages          = "7",
    year           = "2007",
    month          = "Setembro",
}

@article{CHEP2010-DASHBOARD,
    author       = "C. Maidantchik; F. Ferreira; F. Grael; A. Sivolella; L. Balabram",
    title        = "Web System for Data Quality Assessment of Tile Calorimeter During the ATLAS Operation",
    journal      = "Journal of Physics: Conference Series (JPCS)",
    volume       = "331 - part 4",
    year         = "2011"
}

@article{DCS-CHEP-2009,
    author         = "C. Maidantchik and F. Ferreira and F. Grael",
    title          = "DCS Web System",
    journal        = "Journal of Physics: Conference Series, Computing High
        Energy Physics, Praga, Rep. Tcheca",
    pages          = "8",
    year           = "2009",
    month          = "March",
}

@article{DQ-CHEP-2007,
    author         = "J. M. Abdallah and U. Blumenschein and T. Davidek and A.
        Dotti and L. Fiorini and C. Maidantchik and C. S. Sanchez1 and A.
        Solodkov",
    title          = "ATLAS tile calorimeter data quality assessment with
        commissioning data",
    journal        = "Journal of Physics: Conference Series  032001, Computing
        High Energy Physics, Victory, Canadá",
    volume         = "119",
    pages          = "8",
    year           = "2007",
    month          = "September",
}

@InProceedings{BRUN,
    author = {Rene Brun and Fons Rademakers},
    title = {ROOT-an object oriented data analysis framework},
    booktitle = {World Scientific Publishing},
    year = {2005}
}

@article{MAIDANTCHIK,
    author         = "C. Maidantchik and F. F. Grael and K. Karam and K.
        Pommès",
    title          = "Glance Project: a database retrieval mechanism for the
        ATLAS detector",
    journal        = "Journal of Physics: Conference Series  042020, Computing
        High Energy Physics, Victory, Canadá",
    volume         = "119",
    pages          = "8",
    year           = "2007",
    month          = "Setembro",
}

@techreport{Drake:1398264,
    author       = "Drake, G and Cundiff, T and De Lurgio, P and Henriques, A
        and Minashvili, I and Nemecek, S and Price, L and Proudfoot,
    J and Stanek, R",
    title        = "An Upgraded Front-End Switching Power Supply Design for the
        ATLAS TileCAL Detector of the LHC",
    institution  = "CERN",
    address      = "Geneva",
    number       = "ATL-TILECAL-PROC-2011-015",
    month        = "Nov",
    year         = "2011",
}


@article{Proudfoot2011,
    title="Analysis of TileCal fLVPS Trip Characteristics",
    author=" Chekanov, S and Norberg, S and Proudfoot, J",
    year="2011",
    institution  = "CERN",
    address      = "Geneva",
    number       = "ATL-COM-TILECAL-2011-019",
}

@article{Nemecek:1212691,
    author       = "Némécek, S",
    title        = "Commissioning ATLAS/Tilecal Low Voltage Power Suplies",
    month        = "Oct",
    year         = "2009",
}

@misc{CDS,
    title = {{CDS - CERN Document Server}},
    howpublished = {\\Acessado em janeiro de 2016. {\tt cds.cern.ch}}
}

@misc{pylint,
    title = {PyLint - Static Analysis Tool for Python},
    howpublished = {\\Acessado em janeiro de 2016. \url{http://www.pylint.org/}}
}

@misc{cern_recomendations_tools,
    title = {CERN IT Security Recomended Tools},
    howpublished = {\\Acessado em janeiro de 2016. \url{https://security.web.cern.ch/security/recommendations/en/code_tools.shtml}}
}

@misc{coverity_numbers,
    title = {Coverity efects at CERN},
    howpublished = {\\Acessado em janeiro de 2016. \url{http://www.coverity.com/press-releases/cern-chooses-coverity-to-ensure-accuracy-of-large-hadron-collider-software/}}
}

@article{Bessey:2010:FBL:1646353.1646374,
 author = {Bessey, Al and Block, Ken and Chelf, Ben and Chou, Andy and Fulton, Bryan and Hallem, Seth and Henri-Gros, Charles and Kamsky, Asya and McPeak, Scott and Engler, Dawson},
 title = {A Few Billion Lines of Code Later: Using Static Analysis to Find Bugs in the Real World},
 journal = {Commun. ACM},
 issue_date = {February 2010},
 volume = {53},
 number = {2},
 month = feb,
 year = {2010},
 issn = {0001-0782},
 pages = {66--75},
 numpages = {10},
 url = {http://doi.acm.org/10.1145/1646353.1646374},
 doi = {10.1145/1646353.1646374},
 acmid = {1646374},
 publisher = {ACM},
 address = {New York, NY, USA},
} 

@article{Santos:1269944,
    author       = "Santos, H",
    title        = "The ATLAS/TILECAL Detector Control System",
    month        = "Jun",
    year         = "2010",
}

@article{Hruska:1091490,
    author       = "Hruska, I and Palan, B and Calheiros, F and Némécek, S
        and Kotek, Z and Palacky, J and Price, J and Lokajícek, M
        and Tikhonov, A and Solin, A",
    title        = "Radiation-Tolerant Custom Made Low Voltage Power Supply
        System for ATLAS/TileCal Detector",
    year         = "2007",
}

@book{chatfield2001time,
    title={Time-series forecasting},
    author={Chatfield, C.},
    year={2001},
    publisher={Chapman \& Hall/CRC},
    address={}
}

@book{JENSEN2003,
    title={Operations Research Models and Methods},
    author={ Paul A. Jensen and Jonathan F. Bard},
    year={2003},
    chapter={22},
    publisher={John Wiley and Sons},
    address={}
}

@proceedings{WHITE1988,
    abstract = {{A report is presented of some results of an ongoing project
        using neural-network modeling and learning techniques to search for and
        decode nonlinear regularities in asset price movements. The author
        focuses on the case of IBM common stock daily returns. Having to
        deal with the salient features of economic data highlights the role
        to be played by statistical inference and requires modifications to
        standard learning techniques which may prove useful in other
        contexts}},
    author = {White, H.},
    booktitle = {Neural Networks, 1988., IEEE International Conference on},
    journal = {Neural Networks, 1988., IEEE International Conference on},
    pages = {451--458 vol.2},
    title = {{Economic prediction using neural networks: the case of IBM daily stock returns}},
    year = {1988}
}

@article{Chen2000,
    abstract = {A drawback of traditional forecasting methods is that they can
        not deal with forecasting problems in which the historical data are
        represented by linguistic values. Using fuzzy time series to deal
        with forecasting problems can overcome this drawback. In this
        paper, we propose a new fuzzy time series model called the
        two-factors time-variant fuzzy time series model to deal with
        forecasting problems. Based on the proposed model, we develop two
        algorithms for temperature prediction. Both algorithms have the
        advantage of obtaining good forecasting results.},
    author = {Chen, S M and Hwang, J R},
    institution = {Dept. of Electron. Eng., Nat. Taiwan Univ. of Sci. \&
        Technol., Taipei.},
    journal = {IEEE transactions on systems man and cybernetics Part B
        Cybernetics a publication of the IEEE Systems Man and Cybernetics
            Society},
    number = {2},
    pages = {263-275},
    title = {{Temperature prediction using fuzzy time series.}},
    volume = {30},
    year = {2000}
}

@article{Furuta2003,
    author = {Hitoshi Furuta and Yasutoshi Nomura},
    title = {Time Series Prediction of Earthquake Input by using Soft Computing},
    journal ={Uncertainty Modeling and Analysis, International Symposium on},
    volume = {0},
    year = {2003},
    pages = {351},
    publisher = {IEEE Computer Society},
    address = {Los Alamitos, CA, USA},
}

@article{Turner2010,
    abstract = {Change point detection makes predictions in data whose
        structure changes over time and belongs to a class of methods called
        time series methods. Machine learning is the design of algorithms
        whose performance improves with data. Techniques from statistics,
        such as change point detection, have received increased interest in
        recent years in machine learning. Many problems have change point
        structure: Stock markets exhibit change points when some
        significant economic event causes an increase in volatility,
        weather systems may exhibit change points during years of El Nino, and
        electronic systems show change points when devices begin to fail or
        configurations change. This paper focuses on detecting changes in
        the operation of satellite base stations. The aim is to provide
        predictions of device lifetimes or time until maintenance will be
        necessary. Typical reliability engineering uses survival analysis
        to find lifetime distributions and mean time between failures
        (MTBF). However, using change point detection we can make
        predictions that include information dynamically. For instance, a
        change in the measured weather conditions could signal an impending
        satellite signal loss due to an imminent storm. Modeling changing
        dependencies is also important; a change in the relationship
        between the external and internal temperature on a device should
        mean there is a problem with the cooling unit. In the mentioned
        examples, the weather change point occurred when the weather
        conditions changed and when the cooling unit began to malfunction,
        respectively. Unlike MTBF, change point detection provides probability
        distributions describing the likelihood of a failure, which is
        necessary in most cases since there is usually significant
        remaining uncertainty over the time until failure. The two key
        aspects are that change point detection can include information
        dynamically and model changing dependencies. We show how to use
        techniques from Bayesian statistics, namely change point detection,
        to model and understand electronic systems.},
    author = {Turner, Ryan},
    journal = {Machine Learning},
    title = {{Bayesian Change Point Detection for Satellite Fault Prediction}},
    year = {2010}
}

@phdthesis{Dantas2007,
    author={{Augusto Cesar Heluy Dantas}},
    title="Sistema de monitoração de qualidade de dados",
    year="2007",
    school="COPPE/UFRJ",
}

@phdthesis{Faier2011,
    author="José Márcio Faier",
    title="Análise de Componentes Independentes para a Monitoração da Qualidade
    de Dados em Séries Temporais",
    year="2011",
    school="COPPE/UFRJ",
}

@Book{Peebles,
    author = {Peebles, Peyton Z. },
    title = {Probability, random variables, and random signal principles},
    edition = {3},
    publisher = {McGraw-Hill},
    year = {1993},
    address= {Nova York}
}

@Book{Oja2001,
    author = {Aapo Hyvärinen and Juha Karhunen and Erkki Oja},
    title = {Independent Component Analysis},
    edition = {1},
    publisher = {Jonh Wiley \& Sons, Inc.},
    year = {2001},
    address= {Nova York}
}

@article{Dickey1979,
    author = {Dickey, David A and Fuller, Wayne A},
    journal = {Journal of the American Statistical Association},
    number = {366},
    pages = {427--431},
    publisher = {JSTOR},
    title = {{Distribution of the Estimators for Autoregressive Time Series With
        a Unit Root}},
    volume = {74},
    year = {1979}
}

@misc{Caloba2002,
    author="Luiz P. Calôba",
    title={{Introdução ao Uso de Redes Neurais na Modelagem de Sistemas
        Dinâmicos e Séries Temporais}},
    year={{2002}},
}

@book{Haykin1994,
    address = {New York},
    author = {Haykin, S.},
    publisher = {Macmillan},
    title = {{Neural Networks: A Comprehensive Foundation}},
    year = {1994}
}

@article{Faier2010,
    title={{Data Quality Monitoring: Independent Component Analysis for Time Series}},
    author="José Márcio Faier and José Manoel de Seixas",
    year={{2010}},
    journal={{18th European Signal Processing Conference}},
    address={{Aalborg, Dinamarca}},
}

@book{Cover2006,
    title="Elements of information theory",
    author="Cover, T.M. and Thomas, J.A.",
    series={Wiley Series in Telecommunications and Signal Processing},
    year={2006},
    publisher={Wiley-Interscience},
    address={},
}

@article{DQMF,
    author       = "A. Corso-Radu and H. Hadavand and M. Hauschild and R. Kehoe and S. Kolos",
    title        = "Data Quality Monitoring Framework for the ATLAS Experiment at the LHC",
    journal      = "IEEE Xplore Digital Library",
    volume       = "55",
    year         = "2008"
}

@Article{ATHENA,
    author      = {{P. Calafiura and W. Lavrijsen and others}},
    title       = {{The athena control framework in production, new developments and lessons learned}},
    year        = "2004",
    journal     = {Journal of Physics: Conference Series},
    pages       = {456-458}

}

@article{COOL_DB,
    author       = "M. Verducci",
    title        = "ATLAS conditions database experience with the LCG COOL conditions database project",
    journal      = "Journal of Physics: Conference Series (JPCS)",
    volume       = "119 - part 4",
    url          = "http://iopscience.iop.org/1742-6596/119/4/042031",
    year         = "2008"

}

@article{MCWS-CHEP-2012,
    Author = {A. Sivolella and C. Maidantchik},
    Journal = {Journal of Physics: Conference Series 052037, Computing High Energy Physics, New York, USA},
    Month= {May},
    Pages = {8},
    Title = {The Monitoring and Calibration Web Systems for the ATLAS Tile Calorimeter Data Quality Analysis},
    Volume = {396},
    Year = {2012}
}

@article{IEEE-Software-McConnel,
    Author={S. McConnel},
    title={An ounce of prevention},
    journal={IEEE software},
    year={2001},
    month={May/June}
}

@article{BASKARAN2010,
    author={S. Kumaresh and R. Baskaran},
    title={Defect Analysis and Prevention for Software Process Quality Improvement},
    journal={International Journal of Computer Applications (0975 - 8887)},
    volume={8},
    number={7},
    month={October},
    year={2010}
}

@article{ODC1992,
    author={R. Chillarege and I. Bhandari and J. Chaar and M. Halliday and D. Moebus and B. Ray and Man-Yuen Wong},
    title={Orthogonal Defect Classification - A Concept for In-Process Measurements},
    journal={IEEE Transactions on Software Engineering},
    volume={18},
    number={11},
    month={November},
    year={1992}
}

@INPROCEEDINGS{6906040, 
author={Velmourougan, S. and Dhavachelvan, P. and Baskaran, R. and Ravikumar, B.}, 
booktitle={Advances in Computing and Communications (ICACC), 2014 Fourth International Conference on}, 
title={Software Development Life Cycle Model to Improve Maintainability of Software Applications}, 
year={2014}, 
pages={270-273}, 
keywords={program testing;software architecture;software maintenance;M-SDLC;architecting;business issue;coding;large scale applications;maintainability development activities;maintainability development tasks;maintainability efforts;maintainability features;maintainable-software development life cycle model;maintenance software applications;planning;software development process;software maintainability;software products;testing;Analytical models;Encoding;Maintenance engineering;Safety;Security;Software;Testing;SDLC;Software Design;Software Maintainability;Software maintenance criteria}, 
doi={10.1109/ICACC.2014.71}, 
month={Aug},}

@INPROCEEDINGS{4222731,
author={Tao Xie and Jian Pei and Hassan, A.E.},
booktitle={Software Engineering - Companion, 2007. ICSE 2007 Companion. 29th International Conference on},
title={Mining Software Engineering Data},
year={2007},
pages={172-173},
keywords={Data analysis;Data mining;Databases;Financial management;Open source software;Project management;Research and development;Software engineering;Software systems;USA Councils},
doi={10.1109/ICSECOMPANION.2007.50},
month={May},}

@INPROCEEDINGS{CODEMINING2015,
author={Ajay Prakash and D. Ashoka and V. Aradya},
booktitle={Proceeding of 3rd International Conference on Frontiers of Intelligent Computing: Theory and Applications. FICTA 2014. Advances in Intelligent Systems and Computing 327. },
volume={1},
title={Application of Data Mining Techniques for Defect Detection and Classification},
year={2015},
pages={387-395},
keywords={Software Bugs Tracking, Data Mining Techniques, Software Quality Assurance, Bug tracking, Bug classification},
}

@INPROCEEDINGS{130589,
    author={S. Khatoon and G. Li and A. Mahmood},
    title={Comparison and evaluation of source code mining tools and techniques: A qualitative approach},
    journal={Journal Intelligent Data Analysis},
    volume={17},
    pages={459-484},
    month={May},
    year={2013}
}

@INPROCEEDINGS{4659248, 
author={Hassan, A.E.}, 
booktitle={Frontiers of Software Maintenance, 2008. FoSM 2008.}, 
title={The road ahead for Mining Software Repositories}, 
year={2008}, 
pages={48-57}, 
keywords={data mining;decision making;program debugging;project management;software engineering;archived communications;bug repositories;code repositories;decision processes;deployment logs;mining software repositories field;modern software projects;source control repositories;Application software;Communication system control;Computer bugs;History;Information analysis;Resource management;Roads;Runtime;Software systems;Testing}, 
doi={10.1109/FOSM.2008.4659248}, 
month={Sept},}

@INPROCEEDINGS{Li05pr-miner:automatically,
    author = {Zhenmin Li and Yuanyuan Zhou},
    title = {PR-Miner: automatically extracting implicit programming rules and detecting violations in large software code},
    booktitle = {In Proc. 10th European Software Engineering Conference held jointly with 13th ACM SIGSOFT International Symposium on Foundations of Software Engineering (ESEC/FSE 2005)},
    year = {2005},
    pages = {306--315},
    publisher = {ACM Press}
}

@INPROCEEDINGS{4222586, 
author={Krishna Ramanathan, M. and Grama, A. and Jagannathan, S.}, 
booktitle={Software Engineering, 2007. ICSE 2007. 29th International Conference on}, 
title={Path-Sensitive Inference of Function Precedence Protocols}, 
year={2007}, 
pages={240-250}, 
keywords={software tools;systems analysis;control-flow structure;function precedence protocols;interprocedural path-sensitive static analysis;path-sensitive inference;sequence mining techniques;Automatic generation control;Computer bugs;Computer science;Data structures;Error correction;Libraries;Programming;Protocols;Scalability;Sockets}, 
doi={10.1109/ICSE.2007.63}, 
ISSN={0270-5257}, 
month={May},}

@inproceedings{Chang:2007:FWN:1273463.1273486,
 author = {Chang, Ray-Yaung and Podgurski, Andy and Yang, Jiong},
 title = {Finding What's Not There: A New Approach to Revealing Neglected Conditions in Software},
 booktitle = {Proceedings of the 2007 International Symposium on Software Testing and Analysis},
 series = {ISSTA '07},
 year = {2007},
 isbn = {978-1-59593-734-6},
 location = {London, United Kingdom},
 pages = {163--173},
 numpages = {11},
 url = {http://doi.acm.org/10.1145/1273463.1273486},
 doi = {10.1145/1273463.1273486},
 acmid = {1273486},
 publisher = {ACM},
 address = {New York, NY, USA},
 keywords = {automatic defect detection, frequent itemset mining, frequent subgraph mining, mining software repositories, program dependences},
} 

@ARTICLE{1646907, 
author={Fairley, R.E.}, 
journal={Computer}, 
title={Tutorial: Static Analysis and Dynamic Testing of Computer Software}, 
year={1978}, 
volume={11}, 
number={4}, 
pages={14-23}, 
keywords={Code standards;Computer errors;Performance analysis;Performance evaluation;Quality control;Software maintenance;Software systems;Software testing;System testing;Tutorials}, 
doi={10.1109/C-M.1978.218132}, 
ISSN={0018-9162}, 
month={April},}

@inproceedings{SDM2005,
    author={C. Liu and X. Yan and H. Yu and J. Han and P.S. Yu.},
    title={Mining behavior graphs for "backtrace" of noncrashing bugs},
    booktitle={Proceedings of the Fifth SIAM International Conference on Data Mining},
    series={SDM 2005},
    pages={286-297},
    year={2005}
}

@article{Tischler:1983:SAP:1006140.1006182,
 author = {Tischler, Ron and Schaufler, Robin and Payne, Charlotte},
 title = {Static Analysis of Programs As an Aid to Debugging},
 journal = {SIGSOFT Softw. Eng. Notes},
 issue_date = {August 1983},
 volume = {8},
 number = {4},
 month = mar,
 year = {1983},
 issn = {0163-5948},
 pages = {155--158},
 numpages = {4},
 url = {http://doi.acm.org/10.1145/1006140.1006182},
 doi = {10.1145/1006140.1006182},
 acmid = {1006182},
 publisher = {ACM},
 address = {New York, NY, USA},
} 

@inproceedings{YukselS13,
  added-at = {2015-06-10T00:00:00.000+0200},
  author = {Yuksel, Ulas and Sözer, Hasan},
  biburl = {http://www.bibsonomy.org/bibtex/2c853be8804ca2d25ca7462dddd710a3d/dblp},
  booktitle = {ICSM},
  ee = {http://doi.ieeecomputersociety.org/10.1109/ICSM.2013.89},
  interhash = {3f58325815fed6314f6e0254bf88146f},
  intrahash = {c853be8804ca2d25ca7462dddd710a3d},
  isbn = {978-0-7695-4981-1},
  keywords = {dblp},
  pages = {532-535},
  publisher = {IEEE Computer Society},
  timestamp = {2015-06-19T23:54:58.000+0200},
  title = {Automated Classification of Static Code Analysis Alerts: A Case Study.},
  url = {http://dblp.uni-trier.de/db/conf/icsm/icsm2013.html#YukselS13},
  year = 2013
}

@INPROCEEDINGS{4815348, 
author={Heckman, S. and Williams, L.}, 
booktitle={Software Testing Verification and Validation, 2009. ICST '09. International Conference on}, 
title={A Model Building Process for Identifying Actionable Static Analysis Alerts}, 
year={2009}, 
pages={161-170}, 
keywords={learning (artificial intelligence);program diagnostics;software process improvement;source coding;actionable static analysis alerts;automated static analysis;false positive mitigation models;machine learning techniques;open source projects;software process;source code anomalies;Buildings;Data mining;Failure analysis;Inspection;Machine learning;Machine learning algorithms;Predictive models;Programming profession;Software testing;Software tools;false positive mitigation;machine learning;static analysis}, 
doi={10.1109/ICST.2009.45}, 
month={April},}

@inproceedings{Heckman:2008:EBE:1414004.1414013,
 author = {Heckman, Sarah and Williams, Laurie},
 title = {On Establishing a Benchmark for Evaluating Static Analysis Alert Prioritization and Classification Techniques},
 booktitle = {Proceedings of the Second ACM-IEEE International Symposium on Empirical Software Engineering and Measurement},
 series = {ESEM '08},
 year = {2008},
 isbn = {978-1-59593-971-5},
 location = {Kaiserslautern, Germany},
 pages = {41--50},
 numpages = {10},
 url = {http://doi.acm.org/10.1145/1414004.1414013},
 doi = {10.1145/1414004.1414013},
 acmid = {1414013},
 publisher = {ACM},
 address = {New York, NY, USA},
 keywords = {alert classification, alert prioritization, automated static analysis, benchmark creation, false positive mitigation},
} 

@inproceedings{Aggarwal:2006:ISD:1169228.1170032,
 author = {Aggarwal, Ashish and Jalote, Pankaj},
 title = {Integrating Static and Dynamic Analysis for Detecting Vulnerabilities},
 booktitle = {Proceedings of the 30th Annual International Computer Software and Applications Conference - Volume 01},
 series = {COMPSAC '06},
 year = {2006},
 isbn = {0-7695-2655-1},
 pages = {343--350},
 numpages = {8},
 url = {http://dx.doi.org/10.1109/COMPSAC.2006.55},
 doi = {10.1109/COMPSAC.2006.55},
 acmid = {1170032},
 publisher = {IEEE Computer Society},
 address = {Washington, DC, USA},
} 

@INPROCEEDINGS{4026864, 
author={Boogerd, C. and Moonen, L.}, 
booktitle={Source Code Analysis and Manipulation, 2006. SCAM '06. Sixth IEEE International Workshop on}, 
title={Prioritizing Software Inspection Results using Static Profiling}, 
year={2006}, 
pages={149-160}, 
keywords={Costs;Documentation;Economic forecasting;Embedded system;Inspection;Security;Software quality;Software testing;Software tools;Statistical analysis}, 
doi={10.1109/SCAM.2006.22}, 
month={Sept},}

@INPROCEEDINGS{4228664, 
author={Sunghun Kim and Ernst, M.D.}, 
booktitle={Mining Software Repositories, 2007. ICSE Workshops MSR '07. Fourth International Workshop on}, 
title={Prioritizing Warning Categories by Analyzing Software History}, 
year={2007}, 
pages={27-27}, 
keywords={program debugging;public domain software;software tools;automatic bug finding tools;high false positive rates;open source projects;prioritizing warning category;software history analysis;Artificial intelligence;Computer bugs;Computer science;Control systems;History;Java;Open source software;Performance analysis;Software debugging;Software tools}, 
doi={10.1109/MSR.2007.26}, 
month={May},}

@inproceedings{Kim:2007:WIF:1287624.1287633,
 author = {Kim, Sunghun and Ernst, Michael D.},
 title = {Which Warnings Should I Fix First?},
 booktitle = {Proceedings of the the 6th Joint Meeting of the European Software Engineering Conference and the ACM SIGSOFT Symposium on The Foundations of Software Engineering},
 series = {ESEC-FSE '07},
 year = {2007},
 isbn = {978-1-59593-811-4},
 location = {Dubrovnik, Croatia},
 pages = {45--54},
 numpages = {10},
 url = {http://doi.acm.org/10.1145/1287624.1287633},
 doi = {10.1145/1287624.1287633},
 acmid = {1287633},
 publisher = {ACM},
 address = {New York, NY, USA},
 keywords = {bug, bug-finding tool, fault, fix, patterns, prediction},
} 

@inproceedings{Kremenek:2003:ZUS:1760267.1760289,
 author = {Kremenek, Ted and Engler, Dawson},
 title = {Z-ranking: Using Statistical Analysis to Counter the Impact of Static Analysis Approximations},
 booktitle = {Proceedings of the 10th International Conference on Static Analysis},
 series = {SAS'03},
 year = {2003},
 isbn = {3-540-40325-6},
 location = {San Diego, CA, USA},
 pages = {295--315},
 numpages = {21},
 url = {http://dl.acm.org/citation.cfm?id=1760267.1760289},
 acmid = {1760289},
 publisher = {Springer-Verlag},
 address = {Berlin, Heidelberg},
} 

@article{Heckman:2011:SLR:1945085.1945215,
 author = {Heckman, Sarah and Williams, Laurie},
 title = {A Systematic Literature Review of Actionable Alert Identification Techniques for Automated Static Code Analysis},
 journal = {Inf. Softw. Technol.},
 issue_date = {April, 2011},
 volume = {53},
 number = {4},
 month = apr,
 year = {2011},
 issn = {0950-5849},
 pages = {363--387},
 numpages = {25},
 url = {http://dx.doi.org/10.1016/j.infsof.2010.12.007},
 doi = {10.1016/j.infsof.2010.12.007},
 acmid = {1945215},
 publisher = {Butterworth-Heinemann},
 address = {Newton, MA, USA},
 keywords = {Actionable alert identification, Actionable alert prediction, Automated static analysis, Systematic literature review, Unactionable alert mitigation, Warning prioritization},
} 

@article{Heckman:2008,
    author={S. Heckman and L. Williams},
    title={A measurement framework of alert characteristics for false positive mitigation models},

    journal={North Carolina State University TR-2008- 23},
    month={October},
    year={2008}
}

@book{maccabe1983structured,
  title={Structured testing},
  author={MacCabe, T.J. and McCabe and Associates and IEEE Computer Society},
  lccn={82083406},
  series={Tutorial Texts Series},
  url={https://books.google.ro/books?id=vtNWAAAAMAAJ},
  year={1983},
  publisher={IEEE Computer Society Press}
}

@book{Halstead:1977:ESS:540137,
 author = {Halstead, Maurice H.},
 title = {Elements of Software Science (Operating and Programming Systems Series)},
 year = {1977},
 isbn = {0444002057},
 publisher = {Elsevier Science Inc.},
 address = {New York, NY, USA},
} 

@inproceedings{jones03pattern,
  added-at = {2010-10-07T11:06:50.000+0200},
  author = {Jones, Joel},
  biburl = {http://www.bibsonomy.org/bibtex/2ccba2e5a2fa565423fc7ad60936acab6/msn},
  booktitle = {Proceedings of the 10th Conference on Pattern Languages of Programs (PLoP2003)},
  description = {http://www.hillside.net/plop/plop2003/papers.html},
  interhash = {8354ebeb83ea5fb769e016686e0e79aa},
  intrahash = {ccba2e5a2fa565423fc7ad60936acab6},
  keywords = {cites.ref state.unclassified state.www},
  timestamp = {2010-10-07T11:06:50.000+0200},
  title = {Abstract Syntax Tree Implementation Idioms},
  url = {http://www.hillside.net/plop/plop2003/Papers/Jones-ImplementingASTs.pdf},
  year = 2003
}

@INPROCEEDINGS{242525, 
author={Oman, P. and Hagemeister, J.}, 
booktitle={Software Maintenance, 1992. Proceerdings., Conference on}, 
title={Metrics for assessing a software system's maintainability}, 
year={1992}, 
pages={337-344}, 
keywords={software maintenance;software metrics;hierarchical structure;measurable attributes;metric definition;software characteristic;software metrics;software system's maintainability;tree structure;Documentation;Environmental management;Lifting equipment;Software engineering;Software maintenance;Software measurement;Software systems;Software testing;Taxonomy;Tree data structures}, 
doi={10.1109/ICSM.1992.242525}, 
month={Nov},}

@book{Rokach:2008:DMD:1796114,
 author = {Rokach, Lior and Maimon, Oded},
 title = {Data Mining with Decision Trees: Theroy and Applications},
 year = {2008},
 isbn = {9789812771711, 9812771719},
 publisher = {World Scientific Publishing Co., Inc.},
 address = {River Edge, NJ, USA},
} 

@book{Seni:2010:EMD:1841412,
 author = {Seni, Giovanni and Elder, John},
 title = {Ensemble Methods in Data Mining: Improving Accuracy Through Combining Predictions},
 year = {2010},
 isbn = {1608452840, 9781608452842},
 publisher = {Morgan and Claypool Publishers},
} 

@inproceedings{Dietterich:2000:EMM:648054.743935,
 author = {Dietterich, Thomas G.},
 title = {Ensemble Methods in Machine Learning},
 booktitle = {Proceedings of the First International Workshop on Multiple Classifier Systems},
 series = {MCS '00},
 year = {2000},
 isbn = {3-540-67704-6},
 pages = {1--15},
 numpages = {15},
 url = {http://dl.acm.org/citation.cfm?id=648054.743935},
 acmid = {743935},
 publisher = {Springer-Verlag},
 address = {London, UK, UK},
} 

@article{Breiman:2001:RF:570181.570182,
 author = {Breiman, Leo},
 title = {Random Forests},
 journal = {Mach. Learn.},
 issue_date = {October 1 2001},
 volume = {45},
 number = {1},
 month = oct,
 year = {2001},
 issn = {0885-6125},
 pages = {5--32},
 numpages = {28},
 url = {http://dx.doi.org/10.1023/A:1010933404324},
 doi = {10.1023/A:1010933404324},
 acmid = {570182},
 publisher = {Kluwer Academic Publishers},
 address = {Hingham, MA, USA},
 keywords = {classification, ensemble, regression},
} 

@book{Duda:2000:PC:954544,
 author = {Duda, Richard O. and Hart, Peter E. and Stork, David G.},
 title = {Pattern Classification (2Nd Edition)},
 year = {2000},
 isbn = {0471056693},
 publisher = {Wiley-Interscience},
}

@article{Roe2005577,
title = {"Boosted decision trees as an alternative to artificial neural networks for particle identification "},
journal = {"Nuclear Instruments and Methods in Physics Research Section A: Accelerators, Spectrometers, Detectors and Associated Equipment"},
volume = "543",
number = "2 - 3",
pages = "577 - 584",
year = "2005",
issn = "0168-9002",
doi = "http://dx.doi.org/10.1016/j.nima.2004.12.018",
url = "http://www.sciencedirect.com/science/article/pii/S0168900205000355",
author = "Byron P. Roe and Hai-Jun Yang and Ji Zhu and Yong Liu and Ion Stancu and Gordon McGregor",
keywords = "Boosted decision trees",
keywords = "Artificial neural network",
keywords = "Particle identification",
keywords = "Neutrino oscillations",
keywords = "MiniBooNE ",
abstract = "The efficacy of particle identification is compared using artificial neutral networks and boosted decision trees. The comparison is performed in the context of the MiniBooNE, an experiment at Fermilab searching for neutrino oscillations. Based on studies of Monte Carlo samples of simulated data, particle identification with boosting algorithms has better performance than that with artificial neural networks for the MiniBooNE experiment. Although the tests in this paper were for one experiment, it is expected that boosting algorithms will find wide application in physics. "
}

@article{Freund1997,
 author = {Freund, Yoav and Schapire, Robert E},
 title = {A Decision-Theoretic Generalization of On-Line Learning and an Application to Boosting},
 journal = {J. Comput. Syst. Sci.},
 month = {Aug.},
 volume = {55},
 number = {1},
 year = {1997},
 issn = {0022-0000},
 pages = {119--139},
 numpages = {21},
 url = {http://dx.doi.org/10.1006/jcss.1997.1504},
 doi = {10.1006/jcss.1997.1504},
 acmid = {261549},
 publisher = {Academic Press, Inc.},
 address = {Orlando, FL, USA},
} 

@article{Shannon:2001:MTC:584091.584093,
 author = {Shannon, C. E.},
 title = {A Mathematical Theory of Communication},
 journal = {SIGMOBILE Mob. Comput. Commun. Rev.},
 issue_date = {January 2001},
 volume = {5},
 number = {1},
 month = jan,
 year = {2001},
 issn = {1559-1662},
 pages = {3--55},
 numpages = {53},
 url = {http://doi.acm.org/10.1145/584091.584093},
 doi = {10.1145/584091.584093},
 acmid = {584093},
 publisher = {ACM},
 address = {New York, NY, USA},
} 

@article{1748-0221-10-09-P09018,
  author={The ATLAS collaboration},
  title={Modelling Z → ττ processes in ATLAS with τ-embedded Z → μμ data},
  journal={Journal of Instrumentation},
  volume={10},
  number={09},
  pages={P09018},
  url={http://stacks.iop.org/1748-0221/10/i=09/a=P09018},
  year={2015},
  abstract={This paper describes the concept, technical realisation and validation of a largely data-driven method to model events with Z →ττ decays. In Z →μμ events selected from proton-proton collision data recorded at √ s =8 TeV with the ATLAS experiment at the LHC in 2012, the Z decay muons are replaced by τ leptons from simulated Z arrow ττ decays at the level of reconstructed tracks and calorimeter cells. The τ lepton kinematics are derived from the kinematics of the original muons. Thus, only the well-understood decays of the Z boson and τ leptons as well as the detector response to the τ decay products are obtained from simulation. All other aspects of the event, such as the Z boson and jet kinematics as well as effects from multiple interactions, are given by the actual data. This so-called τ-embedding method is particularly relevant for Higgs boson searches and analyses in ττ final states, where Z arrow ττ decays constitute a large irreducible background that cannot be obtained directly from data control samples. In this paper, the relevant concepts are discussed based on the implementation used in the ATLAS Standard Model H →ττ analysis of the full datataset recorded during 2011 and 2012.}
}

@article{Chatrchyan2012284,
title = "Search for the standard model Higgs boson decaying to bottom quarks in pp collisions at ",
journal = "Physics Letters B ",
volume = "710",
number = "2",
pages = "284 - 306",
year = "2012",
note = "",
issn = "0370-2693",
doi = "http://dx.doi.org/10.1016/j.physletb.2012.02.085",
url = "http://www.sciencedirect.com/science/article/pii/S0370269312002365",
author = "S. Chatrchyan and V. Khachatryan and A.M. Sirunyan and A. Tumasyan and W. Adam and T. Bergauer and M. Dragicevic and J. Erö and C. Fabjan and M. Friedl and R. Frühwirth and V.M. Ghete and J. Hammer and M. Hoch and N. Hörmann and J. Hrubec and M. Jeitler and W. Kiesenhofer and M. Krammer and D. Liko and I. Mikulec and M. Pernicka and B. Rahbaran and C. Rohringer and H. Rohringer and R. Schöfbeck and J. Strauss and A. Taurok and F. Teischinger and P. Wagner and W. Waltenberger and G. Walzel and E. Widl and C.-E. Wulz and V. Mossolov and N. Shumeiko and J. Suarez Gonzalez and S. Bansal and L. Benucci and T. Cornelis and E.A. De Wolf and X. Janssen and S. Luyckx and T. Maes and L. Mucibello and S. Ochesanu and B. Roland and R. Rougny and M. Selvaggi and H. Van Haevermaet and P. Van Mechelen and N. Van Remortel and A. Van Spilbeeck and F. Blekman and S. Blyweert and J. DʼHondt and R. Gonzalez Suarez and A. Kalogeropoulos and M. Maes and A. Olbrechts and W. Van Doninck and P. Van Mulders and G.P. Van Onsem and I. Villella and O. Charaf and B. Clerbaux and G. De Lentdecker and V. Dero and A.P.R. Gay and G.H. Hammad and T. Hreus and A. Léonard and P.E. Marage and L. Thomas and C. Vander Velde and P. Vanlaer and J. Wickens and V. Adler and K. Beernaert and A. Cimmino and S. Costantini and G. Garcia and M. Grunewald and B. Klein and J. Lellouch and A. Marinov and J. Mccartin and A.A. Ocampo Rios and D. Ryckbosch and N. Strobbe and F. Thyssen and M. Tytgat and L. Vanelderen and P. Verwilligen and S. Walsh and E. Yazgan and N. Zaganidis and S. Basegmez and G. Bruno and L. Ceard and J. De Favereau De Jeneret and C. Delaere and T. du Pree and D. Favart and L. Forthomme and A. Giammanco and G. Grégoire and J. Hollar and V. Lemaitre and J. Liao and O. Militaru and C. Nuttens and D. Pagano and A. Pin and K. Piotrzkowski and N. Schul and N. Beliy and T. Caebergs and E. Daubie and G.A. Alves and M. Correa Martins Junior and D. De Jesus Damiao and T. Martins and M.E. Pol and M.H.G. Souza and W.L. Aldá Júnior and W. Carvalho and A. Custódio and E.M. Da Costa and C. De Oliveira Martins and S. Fonseca De Souza and D. Matos Figueiredo and L. Mundim and H. Nogima and V. Oguri and W.L. Prado Da Silva and A. Santoro and S.M. Silva Do Amaral and L. Soares Jorge and A. Sznajder and T.S. Anjos and C.A. Bernardes and F.A. Dias and T.R. Fernandez Perez Tomei and E.M. Gregores and C. Lagana and F. Marinho and P.G. Mercadante and S.F. Novaes and Sandra S. Padula and V. Genchev and P. Iaydjiev and S. Piperov and M. Rodozov and S. Stoykova and G. Sultanov and V. Tcholakov and R. Trayanov and M. Vutova and A. Dimitrov and R. Hadjiiska and A. Karadzhinova and V. Kozhuharov and L. Litov and B. Pavlov and P. Petkov and J.G. Bian and G.M. Chen and H.S. Chen and C.H. Jiang and D. Liang and S. Liang and X. Meng and J. Tao and J. Wang and J. Wang and X. Wang and Z. Wang and H. Xiao and M. Xu and J. Zang and Z. Zhang and C. Asawatangtrakuldee and Y. Ban and S. Guo and Y. Guo and W. Li and S. Liu and Y. Mao and S.J. Qian and H. Teng and S. Wang and B. Zhu and W. Zou and A. Cabrera and B. Gomez Moreno and A.F. Osorio Oliveros and J.C. Sanabria and N. Godinovic and D. Lelas and R. Plestina and D. Polic and I. Puljak and Z. Antunovic and M. Dzelalija and M. Kovac and V. Brigljevic and S. Duric and K. Kadija and J. Luetic and S. Morovic and A. Attikis and M. Galanti and J. Mousa and C. Nicolaou and F. Ptochos and P.A. Razis and M. Finger and M. Finger Jr. and Y. Assran and A. Ellithi Kamel and S. Khalil and M.A. Mahmoud and A. Radi and A. Hektor and M. Kadastik and M. Müntel and M. Raidal and L. Rebane and A. Tiko and V. Azzolini and P. Eerola and G. Fedi and M. Voutilainen and S. Czellar and J. Härkönen and A. Heikkinen and V. Karimäki and R. Kinnunen and M.J. Kortelainen and T. Lampén and K. Lassila-Perini and S. Lehti and T. Lindén and P. Luukka and T. Mäenpää and T. Peltola and E. Tuominen and J. Tuominiemi and E. Tuovinen and D. Ungaro and L. Wendland and K. Banzuzi and A. Korpela and T. Tuuva and D. Sillou and M. Besancon and S. Choudhury and M. Dejardin and D. Denegri and B. Fabbro and J.L. Faure and F. Ferri and S. Ganjour and A. Givernaud and P. Gras and G. Hamel de Monchenault and P. Jarry and E. Locci and J. Malcles and L. Millischer and J. Rander and A. Rosowsky and I. Shreyber and M. Titov and S. Baffioni and F. Beaudette and L. Benhabib and L. Bianchini and M. Bluj and C. Broutin and P. Busson and C. Charlot and N. Daci and T. Dahms and L. Dobrzynski and S. Elgammal and R. Granier de Cassagnac and M. Haguenauer and P. Miné and C. Mironov and C. Ochando and P. Paganini and D. Sabes and R. Salerno and Y. Sirois and C. Thiebaux and C. Veelken and A. Zabi and J.-L. Agram and J. Andrea and D. Bloch and D. Bodin and J.-M. Brom and M. Cardaci and E.C. Chabert and C. Collard and E. Conte and F. Drouhin and C. Ferro and J.-C. Fontaine and D. Gelé and U. Goerlach and P. Juillot and M. Karim and A.-C. Le Bihan and P. Van Hove and F. Fassi and D. Mercier and C. Baty and S. Beauceron and N. Beaupere and M. Bedjidian and O. Bondu and G. Boudoul and D. Boumediene and H. Brun and J. Chasserat and R. Chierici and D. Contardo and P. Depasse and H. El Mamouni and A. Falkiewicz and J. Fay and S. Gascon and M. Gouzevitch and B. Ille and T. Kurca and T. Le Grand and M. Lethuillier and L. Mirabito and S. Perries and V. Sordini and S. Tosi and Y. Tschudi and P. Verdier and S. Viret and D. Lomidze and G. Anagnostou and S. Beranek and M. Edelhoff and L. Feld and N. Heracleous and O. Hindrichs and R. Jussen and K. Klein and J. Merz and A. Ostapchuk and A. Perieanu and F. Raupach and J. Sammet and S. Schael and D. Sprenger and H. Weber and B. Wittmer and V. Zhukov and M. Ata and J. Caudron and E. Dietz-Laursonn and M. Erdmann and A. Güth and T. Hebbeker and C. Heidemann and K. Hoepfner and T. Klimkovich and D. Klingebiel and P. Kreuzer and D. Lanske and J. Lingemann and C. Magass and M. Merschmeyer and A. Meyer and M. Olschewski and P. Papacz and H. Pieta and H. Reithler and S.A. Schmitz and L. Sonnenschein and J. Steggemann and D. Teyssier and M. Weber and M. Bontenackels and V. Cherepanov and M. Davids and G. Flügge and H. Geenen and M. Geisler and W. Haj Ahmad and F. Hoehle and B. Kargoll and T. Kress and Y. Kuessel and A. Linn and A. Nowack and L. Perchalla and O. Pooth and J. Rennefeld and P. Sauerland and A. Stahl and M.H. Zoeller and M. Aldaya Martin and W. Behrenhoff and U. Behrens and M. Bergholz and A. Bethani and K. Borras and A. Burgmeier and A. Cakir and L. Calligaris and A. Campbell and E. Castro and D. Dammann and G. Eckerlin and D. Eckstein and A. Flossdorf and G. Flucke and A. Geiser and J. Hauk and H. Jung and M. Kasemann and P. Katsas and C. Kleinwort and H. Kluge and A. Knutsson and M. Krämer and D. Krücker and E. Kuznetsova and W. Lange and W. Lohmann and B. Lutz and R. Mankel and I. Marfin and M. Marienfeld and I.-A. Melzer-Pellmann and A.B. Meyer and J. Mnich and A. Mussgiller and S. Naumann-Emme and J. Olzem and A. Petrukhin and D. Pitzl and A. Raspereza and P.M. Ribeiro Cipriano and M. Rosin and J. Salfeld-Nebgen and R. Schmidt and T. Schoerner-Sadenius and N. Sen and A. Spiridonov and M. Stein and J. Tomaszewska and R. Walsh and C. Wissing and C. Autermann and V. Blobel and S. Bobrovskyi and J. Draeger and H. Enderle and J. Erfle and U. Gebbert and M. Görner and T. Hermanns and R.S. Höing and K. Kaschube and G. Kaussen and H. Kirschenmann and R. Klanner and J. Lange and B. Mura and F. Nowak and N. Pietsch and C. Sander and H. Schettler and P. Schleper and E. Schlieckau and A. Schmidt and M. Schröder and T. Schum and H. Stadie and G. Steinbrück and J. Thomsen and C. Barth and J. Berger and T. Chwalek and W. De Boer and A. Dierlamm and G. Dirkes and M. Feindt and J. Gruschke and M. Guthoff and C. Hackstein and F. Hartmann and M. Heinrich and H. Held and K.H. Hoffmann and S. Honc and I. Katkov and J.R. Komaragiri and T. Kuhr and D. Martschei and S. Mueller and Th. Müller and M. Niegel and A. Nürnberg and O. Oberst and A. Oehler and J. Ott and T. Peiffer and G. Quast and K. Rabbertz and F. Ratnikov and N. Ratnikova and M. Renz and S. Röcker and C. Saout and A. Scheurer and P. Schieferdecker and F.-P. Schilling and M. Schmanau and G. Schott and H.J. Simonis and F.M. Stober and D. Troendle and J. Wagner-Kuhr and T. Weiler and M. Zeise and E.B. Ziebarth and G. Daskalakis and T. Geralis and S. Kesisoglou and A. Kyriakis and D. Loukas and I. Manolakos and A. Markou and C. Markou and C. Mavrommatis and E. Ntomari and L. Gouskos and T.J. Mertzimekis and A. Panagiotou and N. Saoulidou and E. Stiliaris and I. Evangelou and C. Foudas and P. Kokkas and N. Manthos and I. Papadopoulos and V. Patras and F.A. Triantis and A. Aranyi and G. Bencze and L. Boldizsar and C. Hajdu and P. Hidas and D. Horvath and A. Kapusi and K. Krajczar and F. Sikler and V. Veszpremi and G. Vesztergombi and N. Beni and J. Molnar and J. Palinkas and Z. Szillasi and J. Karancsi and P. Raics and Z.L. Trocsanyi and B. Ujvari and S.B. Beri and V. Bhatnagar and N. Dhingra and R. Gupta and M. Jindal and M. Kaur and J.M. Kohli and M.Z. Mehta and N. Nishu and L.K. Saini and A. Sharma and A.P. Singh and J. Singh and S.P. Singh and S. Ahuja and B.C. Choudhary and A. Kumar and A. Kumar and S. Malhotra and M. Naimuddin and K. Ranjan and V. Sharma and R.K. Shivpuri and S. Banerjee and S. Bhattacharya and S. Dutta and B. Gomber and S. Jain and S. Jain and R. Khurana and S. Sarkar and R.K. Choudhury and D. Dutta and S. Kailas and V. Kumar and A.K. Mohanty and L.M. Pant and P. Shukla and T. Aziz and S. Ganguly and M. Guchait and A. Gurtu and M. Maity and G. Majumder and K. Mazumdar and G.B. Mohanty and B. Parida and A. Saha and K. Sudhakar and N. Wickramage and S. Banerjee and S. Dugad and N.K. Mondal and H. Arfaei and H. Bakhshiansohi and S.M. Etesami and A. Fahim and M. Hashemi and H. Hesari and A. Jafari and M. Khakzad and A. Mohammadi and M. Mohammadi Najafabadi and S. Paktinat Mehdiabadi and B. Safarzadeh and M. Zeinali and M. Abbrescia and L. Barbone and C. Calabria and S.S. Chhibra and A. Colaleo and D. Creanza and N. De Filippis and M. De Palma and L. Fiore and G. Iaselli and L. Lusito and G. Maggi and M. Maggi and N. Manna and B. Marangelli and S. My and S. Nuzzo and N. Pacifico and A. Pompili and G. Pugliese and F. Romano and G. Selvaggi and L. Silvestris and G. Singh and S. Tupputi and G. Zito and G. Abbiendi and A.C. Benvenuti and D. Bonacorsi and S. Braibant-Giacomelli and L. Brigliadori and P. Capiluppi and A. Castro and F.R. Cavallo and M. Cuffiani and G.M. Dallavalle and F. Fabbri and A. Fanfani and D. Fasanella and P. Giacomelli and C. Grandi and S. Marcellini and G. Masetti and M. Meneghelli and A. Montanari and F.L. Navarria and F. Odorici and A. Perrotta and F. Primavera and A.M. Rossi and T. Rovelli and G. Siroli and R. Travaglini and S. Albergo and G. Cappello and M. Chiorboli and S. Costa and R. Potenza and A. Tricomi and C. Tuve and G. Barbagli and V. Ciulli and C. Civinini and R. DʼAlessandro and E. Focardi and S. Frosali and E. Gallo and S. Gonzi and M. Meschini and S. Paoletti and G. Sguazzoni and A. Tropiano and L. Benussi and S. Bianco and S. Colafranceschi and F. Fabbri and D. Piccolo and P. Fabbricatore and R. Musenich and A. Benaglia and F. De Guio and L. Di Matteo and S. Fiorendi and S. Gennai and A. Ghezzi and S. Malvezzi and R.A. Manzoni and A. Martelli and A. Massironi and D. Menasce and L. Moroni and M. Paganoni and D. Pedrini and S. Ragazzi and N. Redaelli and S. Sala and T. Tabarelli de Fatis and S. Buontempo and C.A. Carrillo Montoya and N. Cavallo and A. De Cosa and O. Dogangun and F. Fabozzi and A.O.M. Iorio and L. Lista and M. Merola and P. Paolucci and P. Azzi and N. Bacchetta and P. Bellan and D. Bisello and A. Branca and R. Carlin and P. Checchia and T. Dorigo and U. Dosselli and F. Fanzago and F. Gasparini and U. Gasparini and A. Gozzelino and K. Kanishchev and S. Lacaprara and I. Lazzizzera and M. Margoni and M. Mazzucato and A.T. Meneguzzo and M. Nespolo and L. Perrozzi and N. Pozzobon and P. Ronchese and F. Simonetto and E. Torassa and M. Tosi and S. Vanini and P. Zotto and G. Zumerle and U. Berzano and M. Gabusi and S.P. Ratti and C. Riccardi and P. Torre and P. Vitulo and M. Biasini and G.M. Bilei and B. Caponeri and L. Fanò and P. Lariccia and A. Lucaroni and G. Mantovani and M. Menichelli and A. Nappi and F. Romeo and A. Santocchia and S. Taroni and M. Valdata and P. Azzurri and G. Bagliesi and T. Boccali and G. Broccolo and R. Castaldi and R.T. DʼAgnolo and R. DellʼOrso and F. Fiori and L. Foà and A. Giassi and A. Kraan and F. Ligabue and T. Lomtadze and L. Martini and A. Messineo and F. Palla and F. Palmonari and A. Rizzi and A.T. Serban and P. Spagnolo and R. Tenchini and G. Tonelli and A. Venturi and P.G. Verdini and L. Barone and F. Cavallari and D. Del Re and M. Diemoz and C. Fanelli and M. Grassi and E. Longo and P. Meridiani and F. Micheli and S. Nourbakhsh and G. Organtini and F. Pandolfi and R. Paramatti and S. Rahatlou and M. Sigamani and L. Soffi and N. Amapane and R. Arcidiacono and S. Argiro and M. Arneodo and C. Biino and C. Botta and N. Cartiglia and R. Castello and M. Costa and N. Demaria and A. Graziano and C. Mariotti and S. Maselli and E. Migliore and V. Monaco and M. Musich and M.M. Obertino and N. Pastrone and M. Pelliccioni and A. Potenza and A. Romero and M. Ruspa and R. Sacchi and V. Sola and A. Solano and A. Staiano and A. Vilela Pereira and S. Belforte and F. Cossutti and G. Della Ricca and B. Gobbo and M. Marone and D. Montanino and A. Penzo and S.G. Heo and S.K. Nam and S. Chang and J. Chung and D.H. Kim and G.N. Kim and J.E. Kim and D.J. Kong and H. Park and S.R. Ro and D.C. Son and J.Y. Kim and Zero J. Kim and S. Song and H.Y. Jo and S. Choi and D. Gyun and B. Hong and M. Jo and H. Kim and T.J. Kim and K.S. Lee and D.H. Moon and S.K. Park and E. Seo and K.S. Sim and M. Choi and S. Kang and H. Kim and J.H. Kim and C. Park and I.C. Park and S. Park and G. Ryu and Y. Cho and Y. Choi and Y.K. Choi and J. Goh and M.S. Kim and B. Lee and J. Lee and S. Lee and H. Seo and I. Yu and M.J. Bilinskas and I. Grigelionis and M. Janulis and H. Castilla-Valdez and E. De La Cruz-Burelo and I. Heredia-de La Cruz and R. Lopez-Fernandez and R. Magaña Villalba and J. Martínez-Ortega and A. Sánchez-Hernández and L.M. Villasenor-Cendejas and S. Carrillo Moreno and F. Vazquez Valencia and H.A. Salazar Ibarguen and E. Casimiro Linares and A. Morelos Pineda and M.A. Reyes-Santos and D. Krofcheck and A.J. Bell and P.H. Butler and R. Doesburg and S. Reucroft and H. Silverwood and M. Ahmad and M.I. Asghar and H.R. Hoorani and S. Khalid and W.A. Khan and T. Khurshid and S. Qazi and M.A. Shah and M. Shoaib and G. Brona and M. Cwiok and W. Dominik and K. Doroba and A. Kalinowski and M. Konecki and J. Krolikowski and H. Bialkowska and B. Boimska and T. Frueboes and R. Gokieli and M. Górski and M. Kazana and K. Nawrocki and K. Romanowska-Rybinska and M. Szleper and G. Wrochna and P. Zalewski and N. Almeida and P. Bargassa and A. David and P. Faccioli and P.G. Ferreira Parracho and M. Gallinaro and P. Musella and A. Nayak and J. Pela and P.Q. Ribeiro and J. Seixas and J. Varela and P. Vischia and I. Belotelov and P. Bunin and I. Golutvin and I. Gorbunov and A. Kamenev and V. Karjavin and V. Konoplyanikov and G. Kozlov and A. Lanev and P. Moisenz and V. Palichik and V. Perelygin and M. Savina and S. Shmatov and V. Smirnov and A. Volodko and A. Zarubin and S. Evstyukhin and V. Golovtsov and Y. Ivanov and V. Kim and P. Levchenko and V. Murzin and V. Oreshkin and I. Smirnov and V. Sulimov and L. Uvarov and S. Vavilov and A. Vorobyev and An. Vorobyev and Yu. Andreev and A. Dermenev and S. Gninenko and N. Golubev and M. Kirsanov and N. Krasnikov and V. Matveev and A. Pashenkov and A. Toropin and S. Troitsky and V. Epshteyn and M. Erofeeva and V. Gavrilov and M. Kossov and A. Krokhotin and N. Lychkovskaya and V. Popov and G. Safronov and S. Semenov and V. Stolin and E. Vlasov and A. Zhokin and A. Belyaev and E. Boos and M. Dubinin and L. Dudko and A. Ershov and A. Gribushin and O. Kodolova and I. Lokhtin and A. Markina and S. Obraztsov and M. Perfilov and S. Petrushanko and L. Sarycheva and V. Savrin and A. Snigirev and V. Andreev and M. Azarkin and I. Dremin and M. Kirakosyan and A. Leonidov and G. Mesyats and S.V. Rusakov and A. Vinogradov and I. Azhgirey and I. Bayshev and S. Bitioukov and V. Grishin and V. Kachanov and D. Konstantinov and A. Korablev and V. Krychkine and V. Petrov and R. Ryutin and A. Sobol and L. Tourtchanovitch and S. Troshin and N. Tyurin and A. Uzunian and A. Volkov and P. Adzic and M. Djordjevic and M. Ekmedzic and D. Krpic and J. Milosevic and M. Aguilar-Benitez and J. Alcaraz Maestre and P. Arce and C. Battilana and E. Calvo and M. Cerrada and M. Chamizo Llatas and N. Colino and B. De La Cruz and A. Delgado Peris and C. Diez Pardos and D. Domínguez Vázquez and C. Fernandez Bedoya and J.P. Fernández Ramos and A. Ferrando and J. Flix and M.C. Fouz and P. Garcia-Abia and O. Gonzalez Lopez and S. Goy Lopez and J.M. Hernandez and M.I. Josa and G. Merino and J. Puerta Pelayo and I. Redondo and L. Romero and J. Santaolalla and M.S. Soares and C. Willmott and C. Albajar and G. Codispoti and J.F. de Trocóniz and J. Cuevas and J. Fernandez Menendez and S. Folgueras and I. Gonzalez Caballero and L. Lloret Iglesias and J. Piedra Gomez and J.M. Vizan Garcia and J.A. Brochero Cifuentes and I.J. Cabrillo and A. Calderon and S.H. Chuang and J. Duarte Campderros and M. Felcini and M. Fernandez and G. Gomez and J. Gonzalez Sanchez and C. Jorda and P. Lobelle Pardo and A. Lopez Virto and J. Marco and R. Marco and C. Martinez Rivero and F. Matorras and F.J. Munoz Sanchez and T. Rodrigo and A.Y. Rodríguez-Marrero and A. Ruiz-Jimeno and L. Scodellaro and M. Sobron Sanudo and I. Vila and R. Vilar Cortabitarte and D. Abbaneo and E. Auffray and G. Auzinger and P. Baillon and A.H. Ball and D. Barney and C. Bernet and W. Bialas and G. Bianchi and P. Bloch and A. Bocci and H. Breuker and K. Bunkowski and T. Camporesi and G. Cerminara and T. Christiansen and J.A. Coarasa Perez and B. Curé and D. DʼEnterria and A. De Roeck and S. Di Guida and M. Dobson and N. Dupont-Sagorin and A. Elliott-Peisert and B. Frisch and W. Funk and A. Gaddi and G. Georgiou and H. Gerwig and M. Giffels and D. Gigi and K. Gill and D. Giordano and M. Giunta and F. Glege and R. Gomez-Reino Garrido and P. Govoni and S. Gowdy and R. Guida and L. Guiducci and M. Hansen and P. Harris and C. Hartl and J. Harvey and B. Hegner and A. Hinzmann and H.F. Hoffmann and V. Innocente and P. Janot and K. Kaadze and E. Karavakis and K. Kousouris and P. Lecoq and P. Lenzi and C. Lourenço and T. Mäki and M. Malberti and L. Malgeri and M. Mannelli and L. Masetti and G. Mavromanolakis and F. Meijers and S. Mersi and E. Meschi and R. Moser and M.U. Mozer and M. Mulders and E. Nesvold and M. Nguyen and T. Orimoto and L. Orsini and E. Palencia Cortezon and E. Perez and A. Petrilli and A. Pfeiffer and M. Pierini and M. Pimiä and D. Piparo and G. Polese and L. Quertenmont and A. Racz and W. Reece and J. Rodrigues Antunes and G. Rolandi and T. Rommerskirchen and C. Rovelli and M. Rovere and H. Sakulin and F. Santanastasio and C. Schäfer and C. Schwick and I. Segoni and A. Sharma and P. Siegrist and P. Silva and M. Simon and P. Sphicas and D. Spiga and M. Spiropulu and M. Stoye and A. Tsirou and G.I. Veres and P. Vichoudis and H.K. Wöhri and S.D. Worm and W.D. Zeuner and W. Bertl and K. Deiters and W. Erdmann and K. Gabathuler and R. Horisberger and Q. Ingram and H.C. Kaestli and S. König and D. Kotlinski and U. Langenegger and F. Meier and D. Renker and T. Rohe and J. Sibille and L. Bäni and P. Bortignon and M.A. Buchmann and B. Casal and N. Chanon and Z. Chen and A. Deisher and G. Dissertori and M. Dittmar and M. Dünser and J. Eugster and K. Freudenreich and C. Grab and P. Lecomte and W. Lustermann and P. Martinez Ruiz del Arbol and N. Mohr and F. Moortgat and C. Nägeli and P. Nef and F. Nessi-Tedaldi and L. Pape and F. Pauss and M. Peruzzi and F.J. Ronga and M. Rossini and L. Sala and A.K. Sanchez and M.-C. Sawley and A. Starodumov and B. Stieger and M. Takahashi and L. Tauscher and A. Thea and K. Theofilatos and D. Treille and C. Urscheler and R. Wallny and H.A. Weber and L. Wehrli and J. Weng and E. Aguilo and C. Amsler and V. Chiochia and S. De Visscher and C. Favaro and M. Ivova Rikova and B. Millan Mejias and P. Otiougova and P. Robmann and H. Snoek and M. Verzetti and Y.H. Chang and K.H. Chen and C.M. Kuo and S.W. Li and W. Lin and Z.K. Liu and Y.J. Lu and D. Mekterovic and R. Volpe and S.S. Yu and P. Bartalini and P. Chang and Y.H. Chang and Y.W. Chang and Y. Chao and K.F. Chen and C. Dietz and U. Grundler and W.-S. Hou and Y. Hsiung and K.Y. Kao and Y.J. Lei and R.-S. Lu and D. Majumder and E. Petrakou and X. Shi and J.G. Shiu and Y.M. Tzeng and M. Wang and A. Adiguzel and M.N. Bakirci and S. Cerci and C. Dozen and I. Dumanoglu and E. Eskut and S. Girgis and G. Gokbulut and I. Hos and E.E. Kangal and G. Karapinar and A. Kayis Topaksu and G. Onengut and K. Ozdemir and S. Ozturk and A. Polatoz and K. Sogut and D. Sunar Cerci and B. Tali and H. Topakli and D. Uzun and L.N. Vergili and M. Vergili and I.V. Akin and T. Aliev and B. Bilin and S. Bilmis and M. Deniz and H. Gamsizkan and A.M. Guler and K. Ocalan and A. Ozpineci and M. Serin and R. Sever and U.E. Surat and M. Yalvac and E. Yildirim and M. Zeyrek and M. Deliomeroglu and E. Gülmez and B. Isildak and M. Kaya and O. Kaya and S. Ozkorucuklu and N. Sonmez and L. Levchuk and F. Bostock and J.J. Brooke and E. Clement and D. Cussans and H. Flacher and R. Frazier and J. Goldstein and M. Grimes and G.P. Heath and H.F. Heath and L. Kreczko and S. Metson and D.M. Newbold and K. Nirunpong and A. Poll and S. Senkin and V.J. Smith and T. Williams and L. Basso and K.W. Bell and A. Belyaev and C. Brew and R.M. Brown and D.J.A. Cockerill and J.A. Coughlan and K. Harder and S. Harper and J. Jackson and B.W. Kennedy and E. Olaiya and D. Petyt and B.C. Radburn-Smith and C.H. Shepherd-Themistocleous and I.R. Tomalin and W.J. Womersley and R. Bainbridge and G. Ball and R. Beuselinck and O. Buchmuller and D. Colling and N. Cripps and M. Cutajar and P. Dauncey and G. Davies and M. Della Negra and W. Ferguson and J. Fulcher and D. Futyan and A. Gilbert and A. Guneratne Bryer and G. Hall and Z. Hatherell and J. Hays and G. Iles and M. Jarvis and G. Karapostoli and L. Lyons and A.-M. Magnan and J. Marrouche and B. Mathias and R. Nandi and J. Nash and A. Nikitenko and A. Papageorgiou and M. Pesaresi and K. Petridis and M. Pioppi and D.M. Raymond and S. Rogerson and N. Rompotis and A. Rose and M.J. Ryan and C. Seez and A. Sparrow and A. Tapper and S. Tourneur and M. Vazquez Acosta and T. Virdee and S. Wakefield and N. Wardle and D. Wardrope and T. Whyntie and M. Barrett and M. Chadwick and J.E. Cole and P.R. Hobson and A. Khan and P. Kyberd and D. Leslie and W. Martin and I.D. Reid and P. Symonds and L. Teodorescu and M. Turner and K. Hatakeyama and H. Liu and T. Scarborough and C. Henderson and A. Avetisyan and T. Bose and E. Carrera Jarrin and C. Fantasia and A. Heister and J.St. John and P. Lawson and D. Lazic and J. Rohlf and D. Sperka and L. Sulak and S. Bhattacharya and D. Cutts and A. Ferapontov and U. Heintz and S. Jabeen and G. Kukartsev and G. Landsberg and M. Luk and M. Narain and D. Nguyen and M. Segala and T. Sinthuprasith and T. Speer and K.V. Tsang and R. Breedon and G. Breto and M. Calderon De La Barca Sanchez and M. Caulfield and S. Chauhan and M. Chertok and J. Conway and R. Conway and P.T. Cox and J. Dolen and R. Erbacher and M. Gardner and R. Houtz and W. Ko and A. Kopecky and R. Lander and O. Mall and T. Miceli and R. Nelson and D. Pellett and J. Robles and B. Rutherford and M. Searle and J. Smith and M. Squires and M. Tripathi and R. Vasquez Sierra and V. Andreev and K. Arisaka and D. Cline and R. Cousins and J. Duris and S. Erhan and P. Everaerts and C. Farrell and J. Hauser and M. Ignatenko and C. Jarvis and C. Plager and G. Rakness and P. Schlein and J. Tucker and V. Valuev and M. Weber and J. Babb and R. Clare and J. Ellison and J.W. Gary and F. Giordano and G. Hanson and G.Y. Jeng and H. Liu and O.R. Long and A. Luthra and H. Nguyen and S. Paramesvaran and J. Sturdy and S. Sumowidagdo and R. Wilken and S. Wimpenny and W. Andrews and J.G. Branson and G.B. Cerati and S. Cittolin and D. Evans and F. Golf and A. Holzner and R. Kelley and M. Lebourgeois and J. Letts and I. Macneill and B. Mangano and S. Padhi and C. Palmer and G. Petrucciani and H. Pi and M. Pieri and R. Ranieri and M. Sani and I. Sfiligoi and V. Sharma and S. Simon and E. Sudano and M. Tadel and Y. Tu and A. Vartak and S. Wasserbaech and F. Würthwein and A. Yagil and J. Yoo and D. Barge and R. Bellan and C. Campagnari and M. DʼAlfonso and T. Danielson and K. Flowers and P. Geffert and J. Incandela and C. Justus and P. Kalavase and S.A. Koay and D. Kovalskyi and V. Krutelyov and S. Lowette and N. Mccoll and V. Pavlunin and F. Rebassoo and J. Ribnik and J. Richman and R. Rossin and D. Stuart and W. To and J.R. Vlimant and C. West and A. Apresyan and A. Bornheim and J. Bunn and Y. Chen and E. Di Marco and J. Duarte and M. Gataullin and Y. Ma and A. Mott and H.B. Newman and C. Rogan and V. Timciuc and P. Traczyk and J. Veverka and R. Wilkinson and Y. Yang and R.Y. Zhu and B. Akgun and R. Carroll and T. Ferguson and Y. Iiyama and D.W. Jang and S.Y. Jun and Y.F. Liu and M. Paulini and J. Russ and H. Vogel and I. Vorobiev and J.P. Cumalat and M.E. Dinardo and B.R. Drell and C.J. Edelmaier and W.T. Ford and A. Gaz and B. Heyburn and E. Luiggi Lopez and U. Nauenberg and J.G. Smith and K. Stenson and K.A. Ulmer and S.R. Wagner and S.L. Zang and L. Agostino and J. Alexander and A. Chatterjee and N. Eggert and L.K. Gibbons and B. Heltsley and W. Hopkins and A. Khukhunaishvili and B. Kreis and N. Mirman and G. Nicolas Kaufman and J.R. Patterson and A. Ryd and E. Salvati and W. Sun and W.D. Teo and J. Thom and J. Thompson and J. Vaughan and Y. Weng and L. Winstrom and P. Wittich and A. Biselli and D. Winn and S. Abdullin and M. Albrow and J. Anderson and G. Apollinari and M. Atac and J.A. Bakken and A. Beretvas and J. Berryhill and P.C. Bhat and I. Bloch and K. Burkett and J.N. Butler and V. Chetluru and H.W.K. Cheung and F. Chlebana and S. Cihangir and W. Cooper and D.P. Eartly and V.D. Elvira and S. Esen and I. Fisk and J. Freeman and Y. Gao and E. Gottschalk and D. Green and O. Gutsche and J. Hanlon and R.M. Harris and J. Hirschauer and B. Hooberman and H. Jensen and S. Jindariani and M. Johnson and U. Joshi and B. Kilminster and B. Klima and S. Kunori and S. Kwan and C. Leonidopoulos and D. Lincoln and R. Lipton and J. Lykken and K. Maeshima and J.M. Marraffino and S. Maruyama and D. Mason and P. McBride and T. Miao and K. Mishra and S. Mrenna and Y. Musienko and C. Newman-Holmes and V. OʼDell and J. Pivarski and R. Pordes and O. Prokofyev and T. Schwarz and E. Sexton-Kennedy and S. Sharma and W.J. Spalding and L. Spiegel and P. Tan and L. Taylor and S. Tkaczyk and L. Uplegger and E.W. Vaandering and R. Vidal and J. Whitmore and W. Wu and F. Yang and F. Yumiceva and J.C. Yun and D. Acosta and P. Avery and D. Bourilkov and M. Chen and S. Das and M. De Gruttola and G.P. Di Giovanni and D. Dobur and A. Drozdetskiy and R.D. Field and M. Fisher and Y. Fu and I.K. Furic and J. Gartner and S. Goldberg and J. Hugon and B. Kim and J. Konigsberg and A. Korytov and A. Kropivnitskaya and T. Kypreos and J.F. Low and K. Matchev and P. Milenovic and G. Mitselmakher and L. Muniz and R. Remington and A. Rinkevicius and M. Schmitt and B. Scurlock and P. Sellers and N. Skhirtladze and M. Snowball and D. Wang and J. Yelton and M. Zakaria and V. Gaultney and L.M. Lebolo and S. Linn and P. Markowitz and G. Martinez and J.L. Rodriguez and T. Adams and A. Askew and J. Bochenek and J. Chen and B. Diamond and S.V. Gleyzer and J. Haas and S. Hagopian and V. Hagopian and M. Jenkins and K.F. Johnson and H. Prosper and S. Sekmen and V. Veeraraghavan and M. Weinberg and M.M. Baarmand and B. Dorney and M. Hohlmann and H. Kalakhety and I. Vodopiyanov and M.R. Adams and I.M. Anghel and L. Apanasevich and Y. Bai and V.E. Bazterra and R.R. Betts and J. Callner and R. Cavanaugh and C. Dragoiu and L. Gauthier and C.E. Gerber and D.J. Hofman and S. Khalatyan and G.J. Kunde and F. Lacroix and M. Malek and C. OʼBrien and C. Silkworth and C. Silvestre and D. Strom and N. Varelas and U. Akgun and E.A. Albayrak and B. Bilki and W. Clarida and F. Duru and S. Griffiths and C.K. Lae and E. McCliment and J.-P. Merlo and H. Mermerkaya and A. Mestvirishvili and A. Moeller and J. Nachtman and C.R. Newsom and E. Norbeck and J. Olson and Y. Onel and F. Ozok and S. Sen and E. Tiras and J. Wetzel and T. Yetkin and K. Yi and B.A. Barnett and B. Blumenfeld and S. Bolognesi and A. Bonato and D. Fehling and G. Giurgiu and A.V. Gritsan and Z.J. Guo and G. Hu and P. Maksimovic and S. Rappoccio and M. Swartz and N.V. Tran and A. Whitbeck and P. Baringer and A. Bean and G. Benelli and O. Grachov and R.P. Kenny Iii and M. Murray and D. Noonan and S. Sanders and R. Stringer and G. Tinti and J.S. Wood and V. Zhukova and A.F. Barfuss and T. Bolton and I. Chakaberia and A. Ivanov and S. Khalil and M. Makouski and Y. Maravin and S. Shrestha and I. Svintradze and J. Gronberg and D. Lange and D. Wright and A. Baden and M. Boutemeur and B. Calvert and S.C. Eno and J.A. Gomez and N.J. Hadley and R.G. Kellogg and M. Kirn and T. Kolberg and Y. Lu and M. Marionneau and A.C. Mignerey and A. Peterman and K. Rossato and P. Rumerio and A. Skuja and J. Temple and M.B. Tonjes and S.C. Tonwar and E. Twedt and B. Alver and G. Bauer and J. Bendavid and W. Busza and E. Butz and I.A. Cali and M. Chan and V. Dutta and G. Gomez Ceballos and M. Goncharov and K.A. Hahn and Y. Kim and M. Klute and Y.-J. Lee and W. Li and P.D. Luckey and T. Ma and S. Nahn and C. Paus and D. Ralph and C. Roland and G. Roland and M. Rudolph and G.S.F. Stephans and F. Stöckli and K. Sumorok and K. Sung and D. Velicanu and E.A. Wenger and R. Wolf and B. Wyslouch and S. Xie and M. Yang and Y. Yilmaz and A.S. Yoon and M. Zanetti and S.I. Cooper and P. Cushman and B. Dahmes and A. De Benedetti and G. Franzoni and A. Gude and J. Haupt and S.C. Kao and K. Klapoetke and Y. Kubota and J. Mans and N. Pastika and V. Rekovic and R. Rusack and M. Sasseville and A. Singovsky and N. Tambe and J. Turkewitz and L.M. Cremaldi and R. Godang and R. Kroeger and L. Perera and R. Rahmat and D.A. Sanders and D. Summers and E. Avdeeva and K. Bloom and S. Bose and J. Butt and D.R. Claes and A. Dominguez and M. Eads and P. Jindal and J. Keller and I. Kravchenko and J. Lazo-Flores and H. Malbouisson and S. Malik and G.R. Snow and U. Baur and A. Godshalk and I. Iashvili and S. Jain and A. Kharchilava and A. Kumar and S.P. Shipkowski and K. Smith and Z. Wan and G. Alverson and E. Barberis and D. Baumgartel and M. Chasco and D. Trocino and D. Wood and J. Zhang and A. Anastassov and A. Kubik and N. Mucia and N. Odell and R.A. Ofierzynski and B. Pollack and A. Pozdnyakov and M. Schmitt and S. Stoynev and M. Velasco and S. Won and L. Antonelli and D. Berry and A. Brinkerhoff and M. Hildreth and C. Jessop and D.J. Karmgard and J. Kolb and K. Lannon and W. Luo and S. Lynch and N. Marinelli and D.M. Morse and T. Pearson and R. Ruchti and J. Slaunwhite and N. Valls and M. Wayne and M. Wolf and J. Ziegler and B. Bylsma and L.S. Durkin and C. Hill and P. Killewald and K. Kotov and T.Y. Ling and D. Puigh and M. Rodenburg and C. Vuosalo and G. Williams and N. Adam and E. Berry and P. Elmer and D. Gerbaudo and V. Halyo and P. Hebda and J. Hegeman and A. Hunt and E. Laird and D. Lopes Pegna and P. Lujan and D. Marlow and T. Medvedeva and M. Mooney and J. Olsen and P. Piroué and X. Quan and A. Raval and H. Saka and D. Stickland and C. Tully and J.S. Werner and A. Zuranski and J.G. Acosta and X.T. Huang and A. Lopez and H. Mendez and S. Oliveros and J.E. Ramirez Vargas and A. Zatserklyaniy and E. Alagoz and V.E. Barnes and D. Benedetti and G. Bolla and D. Bortoletto and M. De Mattia and A. Everett and L. Gutay and Z. Hu and M. Jones and O. Koybasi and M. Kress and A.T. Laasanen and N. Leonardo and V. Maroussov and P. Merkel and D.H. Miller and N. Neumeister and I. Shipsey and D. Silvers and A. Svyatkovskiy and M. Vidal Marono and H.D. Yoo and J. Zablocki and Y. Zheng and S. Guragain and N. Parashar and A. Adair and C. Boulahouache and V. Cuplov and K.M. Ecklund and F.J.M. Geurts and B.P. Padley and R. Redjimi and J. Roberts and J. Zabel and B. Betchart and A. Bodek and Y.S. Chung and R. Covarelli and P. de Barbaro and R. Demina and Y. Eshaq and A. Garcia-Bellido and P. Goldenzweig and Y. Gotra and J. Han and A. Harel and D.C. Miner and G. Petrillo and W. Sakumoto and D. Vishnevskiy and M. Zielinski and A. Bhatti and R. Ciesielski and L. Demortier and K. Goulianos and G. Lungu and S. Malik and C. Mesropian and S. Arora and O. Atramentov and A. Barker and J.P. Chou and C. Contreras-Campana and E. Contreras-Campana and D. Duggan and D. Ferencek and Y. Gershtein and R. Gray and E. Halkiadakis and D. Hidas and D. Hits and A. Lath and S. Panwalkar and M. Park and R. Patel and A. Richards and K. Rose and S. Salur and S. Schnetzer and C. Seitz and S. Somalwar and R. Stone and S. Thomas and G. Cerizza and M. Hollingsworth and S. Spanier and Z.C. Yang and A. York and R. Eusebi and W. Flanagan and J. Gilmore and T. Kamon and V. Khotilovich and R. Montalvo and I. Osipenkov and Y. Pakhotin and A. Perloff and J. Roe and A. Safonov and T. Sakuma and S. Sengupta and I. Suarez and A. Tatarinov and D. Toback and N. Akchurin and J. Damgov and P.R. Dudero and C. Jeong and K. Kovitanggoon and S.W. Lee and T. Libeiro and Y. Roh and A. Sill and I. Volobouev and R. Wigmans and E. Appelt and E. Brownson and D. Engh and C. Florez and W. Gabella and A. Gurrola and M. Issah and W. Johns and P. Kurt and C. Maguire and A. Melo and P. Sheldon and B. Snook and S. Tuo and J. Velkovska and M.W. Arenton and M. Balazs and S. Boutle and S. Conetti and B. Cox and B. Francis and S. Goadhouse and J. Goodell and R. Hirosky and A. Ledovskoy and C. Lin and C. Neu and J. Wood and R. Yohay and S. Gollapinni and R. Harr and P.E. Karchin and C. Kottachchi Kankanamge Don and P. Lamichhane and M. Mattson and C. Milstène and A. Sakharov and M. Anderson and M. Bachtis and D. Belknap and J.N. Bellinger and J. Bernardini and L. Borrello and D. Carlsmith and M. Cepeda and S. Dasu and J. Efron and E. Friis and L. Gray and K.S. Grogg and M. Grothe and R. Hall-Wilton and M. Herndon and A. Hervé and P. Klabbers and J. Klukas and A. Lanaro and C. Lazaridis and J. Leonard and R. Loveless and A. Mohapatra and I. Ojalvo and G.A. Pierro and I. Ross and A. Savin and W.H. Smith and J. Swanson",
keywords = "CMS",
keywords = "Physics",
keywords = "Higgs ",
abstract = "A search for the standard model Higgs boson (H) decaying to b b ¯ when produced in association with weak vector bosons (V) is reported for the following modes: W ( μ ν ) H , W ( e ν ) H , Z ( μ μ ) H , Z ( ee ) H and Z ( ν ν ) H . The search is performed in a data sample corresponding to an integrated luminosity of 4.7 fb−1, recorded by the \{CMS\} detector in proton–proton collisions at the \{LHC\} with a center-of-mass energy of 7 TeV. No significant excess of events above the expectation from background is observed. Upper limits on the V H production cross section times the H → b b ¯ branching ratio, with respect to the expectations for a standard model Higgs boson, are derived for a Higgs boson in the mass range 110–135 GeV. In this range, the observed 95% confidence level upper limits vary from 3.4 to 7.5 times the standard model prediction; the corresponding expected limits vary from 2.7 to 6.7 times the standard model prediction. "
}


